<?xml version="1.0" encoding="UTF-8"?><collection xmlns="http://www.loc.gov/MARC21/slim"><record><leader>00417nam--2200157-i-4500</leader><controlfield tag="001">000015995</controlfield><controlfield tag="002">20161230</controlfield><controlfield tag="005">20161230201031</controlfield><controlfield tag="008">060222s1000------------r-----000-0-eng-d</controlfield><datafield ind1=" " ind2=" " tag="080"><subfield code="a">512:517</subfield></datafield><datafield ind1=" " ind2=" " tag="100"><subfield code="a">Bass, J</subfield></datafield><datafield ind1=" " ind2=" " tag="245"><subfield code="a">Cours de mathematiques. quatrieme edition revue et corrigee</subfield></datafield><datafield ind1=" " ind2=" " tag="260"><subfield code="a">Paris, Masson Et C-ie, 1968 689 P. - 1225 P</subfield></datafield><datafield ind1=" " ind2=" " tag="490"><subfield code="v">vol. II</subfield></datafield><datafield ind1=" " ind2=" " tag="852"><subfield code="a">76717</subfield></datafield><datafield ind1=" " ind2=" " tag="CAT"><subfield code="a">Sys</subfield><subfield code="c">20080422</subfield><subfield code="h">093806</subfield></datafield></record></collection>